@misc{BobineWiki,
  title = {la bobine wikipedia},
   howpublished = {\url{http://fr.wikipedia.org/wiki/Bobine\_%28%C3%A9lectricit%C3%A9%29}}
}
@misc{MoteurCCEskimon,
  title = {le moteur Ã  courant continu par Eskimon},
  howpublished = {\url{http://eskimon.fr/285-arduino-601-le-moteur-courant-continu}}
}

